%% This BibTeX bibliography file was created using BibDesk.
%% https://bibdesk.sourceforge.io/

%% Created for Ole Sivert at 2021-11-17 16:10:58 +0100 


%% Saved with string encoding Unicode (UTF-8) 



@inproceedings{Golubunix,
	author = {David B. Golub and Randall W. Dean and Alessandro Forin and Richard F. Rashid},
	booktitle = {USENIX Summer},
	title = {UNIX as an Application Program},
	year = {1990}}

@book{sagan_1993,
	author = {Sagan, Carl},
	place = {New York},
	publisher = {Presidio Press},
	title = {Brocas brain: reflections on the romance of science},
	year = 1993}

%%@article{ghia_1982,
%%	author = {U. Ghia and K. N. Ghia and C. T. Shin},
%%	journal = {Journal of Computational Physics},
%%	pages = {387-411},
%%	title = {High-Re Solutions for Incompressible Flow Using the Navier-Stokes %%Equations and a Multigrid Method},
%%	volume = {48},
%%	year = 1982}
%%
%%@online{imt_software_wiki,
%%	author = {NTNU, Department of Marine Technology},
%%	title = {IMT Software Wiki - LaTeX},
%%	url = {https://www.ntnu.no/wiki/display/imtsoftware/LaTeX},
%%	urldate = {2020-09-15},
%%	bdsk-url-1 = {https://www.ntnu.no/wiki/display/imtsoftware/LaTeX}}
